@INPROCEEDINGS{fbhash,
	author = "Donghoon Chang and Mohona Ghosh and Somitra Kumar Sanadhya and Monika Singh and Douglas R. White",
	title = "FbHash: A New Similarity Hashing Scheme for Digital Forensics",
	BOOKTITLE = "The Digital Forensic Research Conference",
	volume = {29},
	PAGES =  {S113-S123},
	ORGANIZATION = "DFRWS",
	MONTH = "July", 
	YEAR = {2019}	}

@INPROCEEDINGS{kornblum:ctph,
	AUTHOR = "Jesse Kornblum",
	TITLE = "Identifying almost identical files using context 	triggered piecewise hashing",
	JOURNAL = "Digital Investigation",
	NOTE = "The Proceedings of the 6th Annual Digital Forensic Research Workshop (DFRWS '06)",
	VOLUME = {3},
	PAGES = {91-97},
	MONTH = "September",
	YEAR = {2006}	}

@book{roussev:sdhash,
	AUTHOR = "Vassil Roussev",
	TITLE = "Data Fingerprinting with Similarity Digests",
	JOURNAL = " IFIP Advances in Information and Communication Technology",
	NOTE = "Advances in Digital Forensics VI. DigitalForensics",
	VOLUME = {337},
	PAGES = {207-226},
	MONTH = "September",
	YEAR = {2010}	}

@INPROCEEDINGS{mvhash-b, 
	author={F. {Breitinger} and K. P. {Astebøl} and H. {Baier} and C. {Busch}}, 
	title={mvHash-B - A New Approach for Similarity Preserving Hashing},
	booktitle={2013 Seventh International Conference on IT Security Incident Management and IT Forensics}, 
 	pages={33-44},
	month = "March",
 	year={2013} } 

@book{mrsh-v2,
	 title={Similarity Preserving Hashing: Eligible Properties and a New Algorithm MRSH-v2},
 	author={Frank Breitinger and Harald Baier},
 	booktitle={Digital Forensics and Cyber Crime,},
	pages = {167--182},
	month= "October",
 	year={2012}   }

@ARTICLE{dcfldd,
	AUTHOR = "Nicholas Harbour",
	TITLE = "Dcfldd. defense computer forensics lab",
	JOURNAL = "online",
	YEAR = {2002}	}

@inproceedings{breitinger2012security,
  title={Security and implementation analysis of the similarity digest sdhash},
  author={Breitinger, Frank and Baier, Harald and Beckingham, Jesse},
  booktitle={First international baltic conference on network security \& forensics (nesefo)},
  month = "August",
  year={2012}
}

@inproceedings{breitinger2014,
  author = {{Frank Breitinger, Vassil Roussev}},
  title = {Automated evaluation of approximate matching algorithms on real data},
  journal = {Digital Investigation},
  volume = "11",
  pages = "S10 - S17",
  month = "April",
  year = "2014",
  note = "Proceedings of the First Annual DFRWS Europe",
}

@article{chang2016security,
  title={Security analysis of mvhash-b similarity hashing},
  author={Chang, Donghoon and Sanadhya, Somitra and Singh, Monika},
  journal={Journal of Digital Forensics, Security and Law},
  volume={11},
  number={2},
  pages={2},
  year={2016}
}

@book{Salton88term-weightingapproaches,
    author={Salton Gerard and Buckley Christopher},
    title={Term-weighting approaches in automatic text retrieval},
    booktitle={INFORMATION PROCESSING AND MANAGEMENT},
    year={1988},
    pages={513--523}
}

@article{Ramos_usingtf-idf,
    author = {Juan Ramos},
    title = {Using TF-IDF to Determine Word Relevance in Document Queries},
    year = {}
}

@INPROCEEDINGS{5931110, author={H. {Baier} and F. {Breitinger}}, booktitle={2011 Sixth International Conference on IT Security Incident Management and IT Forensics}, title={Security Aspects of Piecewise Hashing in Computer Forensics}, year={2011}, volume={}, number={}, pages={21-36},} 

@inproceedings{chang2015collision,
  title={A collision attack on sdhash similarity hashing},
  author={Chang, Donghoon and Sanadhya, Somitra Kr and Singh, Monika and Verma, Robin}
}


@MISC{repo,
	sortkey = {z1},
	author={{Sebastian Mežnar, Timotej Knez, Jasmina Pegan}},
	title={df-seminarska},
	note = {\url{https://github.com/jasminapegan/df-seminarska}},
	year={2020}
}

@misc{zdataset,
  author = {{Roussev, V.}},
  title = {{The t5 corpus.}},
  howpublished = {\url{http://roussev.net/t5/t5.html}},
  note = {Accessed: 2020-04-29}
}



